@article{DBLP:journals/corr/HuangRSZKFFWSG016,
  author    = {Jonathan Huang and
               Vivek Rathod and
               Chen Sun and
               Menglong Zhu and
               Anoop Korattikara and
               Alireza Fathi and
               Ian Fischer and
               Zbigniew Wojna and
               Yang Song and
               Sergio Guadarrama and
               Kevin Murphy},
  title     = {Speed/accuracy trade-offs for modern convolutional object detectors},
  journal   = {CoRR},
  volume    = {abs/1611.10012},
  year      = {2016},
  url       = {http://arxiv.org/abs/1611.10012},
  archivePrefix = {arXiv},
  eprint    = {1611.10012},
  timestamp = {Mon, 13 Aug 2018 16:48:56 +0200},
  biburl    = {https://dblp.org/rec/bib/journals/corr/HuangRSZKFFWSG016},
  bibsource = {dblp computer science bibliography, https://dblp.org}
}

@proceedings{DBLP:conf/ic2e/2018,
  editor    = {Abhishek Chandra and
               Jie Li and
               Ying Cai and
               Tian Guo},
  title     = {2018 {IEEE} International Conference on Cloud Engineering, {IC2E}
               2018, Orlando, FL, USA, April 17-20, 2018},
  publisher = {{IEEE}},
  year      = {2018},
  url       = {http://ieeexplore.ieee.org/xpl/mostRecentIssue.jsp?punumber=8359996},
  isbn      = {978-1-5386-5008-0},
  timestamp = {Tue, 22 May 2018 10:03:03 +0200},
  biburl    = {https://dblp.org/rec/bib/conf/ic2e/2018},
  bibsource = {dblp computer science bibliography, https://dblp.org}
}
@proceedings{DBLP:conf/mmsys/2018,
  editor    = {Pablo C{\'{e}}sar and
               Michael Zink and
               Niall Murray},
  title     = {Proceedings of the 9th {ACM} Multimedia Systems Conference, MMSys
               2018, Amsterdam, The Netherlands, June 12-15, 2018},
  publisher = {{ACM}},
  year      = {2018},
  url       = {http://doi.acm.org/10.1145/3204949},
  doi       = {10.1145/3204949},
  timestamp = {Mon, 02 Jul 2018 09:00:02 +0200},
  biburl    = {https://dblp.org/rec/bib/conf/mmsys/2018},
  bibsource = {dblp computer science bibliography, https://dblp.org}
}